@article{Luscher:2011kk,
      author         = "Luscher, Martin and Schaefer, Stefan",
      title          = "{Lattice QCD without topology barriers}",
      journal        = "JHEP",
      volume         = "07",
      year           = "2011",
      pages          = "036",
      doi            = "10.1007/JHEP07(2011)036",
      eprint         = "1105.4749",
      archivePrefix  = "arXiv",
      primaryClass   = "hep-lat",
      reportNumber   = "CERN-PH-TH-2011-116",
      SLACcitation   = "%%CITATION = ARXIV:1105.4749;%%"
}

@article{Schaefer:2010hu,
      author         = "Schaefer, Stefan and Sommer, Rainer and Virotta,
                        Francesco",
      title          = "{Critical slowing down and error analysis in lattice QCD
                        simulations}",
      collaboration  = "ALPHA",
      journal        = "Nucl. Phys.",
      volume         = "B845",
      year           = "2011",
      pages          = "93-119",
      doi            = "10.1016/j.nuclphysb.2010.11.020",
      eprint         = "1009.5228",
      archivePrefix  = "arXiv",
      primaryClass   = "hep-lat",
      reportNumber   = "DESY-10-151, SFB-CPP-10-81, HU-EP-10-55",
      SLACcitation   = "%%CITATION = ARXIV:1009.5228;%%"
}

%%% contains utf-8, see: https://inspirehep.net/info/faq/general#utf8
%%% add \usepackage[utf8]{inputenc} to your latex preamble
@article{Luscher:2010iy,
      author         = "LÃ¼scher, Martin",
      title          = "{Properties and uses of the Wilson flow in lattice QCD}",
      journal        = "JHEP",
      volume         = "08",
      year           = "2010",
      pages          = "071",
      doi            = "10.1007/JHEP08(2010)071, 10.1007/JHEP03(2014)092",
      note           = "[Erratum: JHEP03,092(2014)]",
      eprint         = "1006.4518",
      archivePrefix  = "arXiv",
      primaryClass   = "hep-lat",
      reportNumber   = "CERN-PH-TH-2010-143",
      SLACcitation   = "%%CITATION = ARXIV:1006.4518;%%"
}

@article{Wolff:2003sm,
      author         = "Wolff, Ulli",
      title          = "{Monte Carlo errors with less errors}",
      collaboration  = "ALPHA",
      journal        = "Comput. Phys. Commun.",
      volume         = "156",
      year           = "2004",
      pages          = "143-153",
      doi            = "10.1016/S0010-4655(03)00467-3, 10.1016/j.cpc.2006.12.001",
      note           = "[Erratum: Comput. Phys. Commun.176,383(2007)]",
      eprint         = "hep-lat/0306017",
      archivePrefix  = "arXiv",
      primaryClass   = "hep-lat",
      reportNumber   = "HU-EP-03-32, SFB-CPP-03-12",
      SLACcitation   = "%%CITATION = HEP-LAT/0306017;%%"
}
